@misc{litlink1,
 title={Гурьянова, К. Н. Математический анализ: учебник / К. Н. Гурьянова, У. А. Алексеева, В. В. Бояршинов – Екатеринбург: Издательство Уральского университета, 2014. – 193 - 195 с.},
}


